<record><leader>00000cas a22000007a 4500</leader><controlfield tag="001">2252303</controlfield><controlfield tag="008">760620d19491987wiuwr ne      0    0eng d</controlfield><controlfield tag="009">501</controlfield><datafield ind1=" " ind2=" " tag="010"><subfield code="a">sn 93060379 </subfield></datafield><datafield ind1=" " ind2=" " tag="040"><subfield code="a">MUL</subfield><subfield code="b">eng</subfield><subfield code="c">MUL</subfield><subfield code="d">MQN</subfield><subfield code="d">OCLCQ</subfield></datafield><datafield ind1="0" ind2="0" tag="245"><subfield code="a">Badger Lutheran.</subfield></datafield><datafield ind1=" " ind2=" " tag="260"><subfield code="a">Milwaukee, Wis. :</subfield><subfield code="b">Milwaukee Lutheran Newspaper Conference,</subfield></datafield><datafield ind1=" " ind2=" " tag="310"><subfield code="a">Weekly</subfield></datafield><datafield ind1="0" ind2=" " tag="362"><subfield code="a">Vol. 1, no. 1 (Jan. 5, 1949)-</subfield></datafield><datafield ind1="1" ind2=" " tag="362"><subfield code="a">Ceased in 1982.</subfield><subfield code="z">Cf. Ayer.</subfield></datafield><datafield ind1=" " ind2=" " tag="500"><subfield code="a">Later published by: Greater Milwaukee Federation of Lutheran Churches-Missouri Synod, Inc.</subfield></datafield><datafield ind1="2" ind2="0" tag="610"><subfield code="a">Greater Milwaukee Federation of Lutheran Churches--Missouri Synod</subfield><subfield code="v">Newspapers.</subfield></datafield><datafield ind1="2" ind2=" " tag="710"><subfield code="a">Greater Milwaukee Federation of Lutheran Churches--Missouri Synod.</subfield></datafield><datafield ind1=" " ind2=" " tag="752"><subfield code="a">United States</subfield><subfield code="b">Wisconsin</subfield><subfield code="c">Milwaukee</subfield><subfield code="d">Milwaukee.</subfield></datafield></record>